@BOOK{Linder1987,
  author = {Linder, Karl Peter},
  year = {1987},
  title = {{Grammatische Untersuchungen zur Charakteristik des Rätoromanischen in Graubünden}},
  address = {Tübingen},
  publisher = {Gunter Narr} 
}


@BOOK{Spescha1989,
  author = {Spescha, Arnold},
  year = {1989},
  title = {Grammatica sursilvana},
  address = {Cuera},
  publisher = {Casa editura per mieds d'instrucziun} 
}

@BOOK{Widmer1959,
  author = {Widmer, Ambros},
  year = {1959},
  title = {{Das Personalpronomen im Bündnerromanischen in phonetischer und morphologischer Schau.}},
  address = {Bern},
  publisher = {Francke} 
}


@BOOK{Büchli1966,
  author = {Büchli, Arnold},
  year = {1966},
  title = {{Mythologische Landeskunde von Graubünden. 2. Teil: Das Gebiet des Rheins vom Badus bis zum Calanda.}},
  address = {Aarau},
  publisher = {Sauerländer} 
}

@BOOK{Berther1998,
  author = {Berther, Francestg},
  year = {1998},
  title = {Tujetsch. Ses originals e lur raquens},
  address = {Rueras},
  publisher = {Francestg Berther} 
}

@BOOK{Caduff1951,
  author = {Caduff, Léonard},
  year = {1951},
  title = {{Essai sur la phonétique du parler rhétoroman de la Vallée de Tavetsch}},
  address = {Bern},
  publisher = {Francke} 
}

@BOOK{Gartner1910,
  author = {Gartner, Theodor},
  year = {1910},
  title = {{Handbuch der rätoromanischen Sprache und Literatur}},
  address = {Halle},
  publisher = {Niemeyer}
}

@article{VicHendry2010,
  year = {2010},
  title = {Tujetsch, ses vallers e lur tschontscha.},
  journal = {{Annalas da la Societad Retorumantscha}},
  volume = {123},
  pages = {95-107}
}

@BOOK{Valär2013a,
  author = {Valär, Rico},
  year = {2013},
  title = {{Filistuccas e fafanoias da temp vegl. Registraziuns dialectalas rumantschas. Andrea Schorta 1926}},
  address = {Cuira},
  publisher = {Societat Retorumantscha} 
}

@BOOK{Valär2013b,
  author = {Valär, Rico},
  year = {2013},
  title = {{Filistuccas e fafanoias da temp vegl. Registraziuns dialectalas rumantschas. Andrea Schorta 1926. Carnet agiuntà cun transcripziuns foneticas}},
  address = {Cuira},
  publisher = {Societat Retorumantscha} 
}

@article{ASR1889,
  year = {1889},
  title = {Il ratun tschiec},
  journal = {{Annalas da la Societad Retorumantscha}},
  volume = {4},
  pages = {199}
}

@book{drg1,
title = {{Dicziunari Rumantsch Grischun}},
volume = {1},
note = {A},
publisher = {{Bischofberger \& Co.}},
year = {1939-1946},
address = {Cuoira}
}

@book{drg2,
title = {{Dicziunari Rumantsch Grischun}},
volume = {2},
note = {B},
publisher = {Bischofberger \& Col},
year = {1947-1957},
address = {Cuoira}
}

@book{drg3,
title = {{Dicziunari Rumantsch Grischun}},
volume = {3},
note = {C-CN},
publisher = {{Bischofberger \& Co.}},
year = {1958-1963},
address = {Cuoira}
}

@book{drg4,
title = {{Dicziunari Rumantsch Grischun}},
volume = {4},
note = {CO-CY},
publisher = {{Stamparia Winterthur S. A.}},
year = {1964-1967},
address = {Winterthur}
}

@book{drg5,
title = {{Dicziunari Rumantsch Grischun}},
volume = {5},
note = {D-E},
publisher = {{FABAG + Stamparia Winterthur S.A}},
year = {1968-1972},
address = {Winterthur}
}

@book{drg6,
title = {{Dicziunari Rumantsch Grischun}},
volume = {6},
note = {F},
publisher = {{Stamparia Winterthur S.A}},
year = {1973-1978},
address = {Winterthur}
}

@book{drg7,
title = {{Dicziunari Rumantsch Grischun}},
volume = {7},
note = {G},
publisher = {{Stamparia Winterthur S.A}},
year = {1979-1985},
address = {Winterthur}
}

@book{drg8,
title = {{Dicziunari Rumantsch Grischun}},
volume = {8},
note = {H-INE},
publisher = {{Stamparia Winterthur S.A.}},
year = {1986-1991},
address = {Winterthur}
}

@book{drg9,
title = {{Dicziunari Rumantsch Grischun}},
volume = {9},
note = {INF-IP},
publisher = {{Institut dal Dicziunari Rumantsch Grischun}},
year = {1993-1997},
address = {Cuoira}
}

@book{drg10,
title = {{Dicziunari Rumantsch Grischun}},
volume = {10},
note = {IR-LAZ},
publisher = {{Institut dal Dicziunari Rumantsch Grischun}},
year = {1998-2000},
address = {Cuoira}
}

@book{drg11,
title = {{Dicziunari Rumantsch Grischun}},
volume = {11},
note = {LE-MAH},
publisher = {{Institut dal Dicziunari Rumantsch Grischun}},
year = {2001-2004},
address = {Cuoira}
}

@book{drg12,
title = {{Dicziunari Rumantsch Grischun}},
volume = {12},
note = {MAI-MANI},
publisher = {Institut dal Dicziunari Rumantsch Grischun},
year = {2005-2009},
address = {Cuoira}
}

@book{drg13,
title = {{Dicziunari Rumantsch Grischun}},
volume = {13},
note = {MANK-MEDG},
publisher = {{Institut dal Dicziunari Rumantsch Grischun}},
year = {2009-2014},
address = {Cuoira}
}

@book{drg14,
title = {{Dicziunari Rumantsch Grischun}},
volume = {14},
note = {MEDI-},
publisher = {{Somedia Production}},
year = {2014-},
address = {Cuira}
}


@article{Gadola1935,
  year = {1935},
  title = {La sera de pustretsch},
  author = {Gadola, Guglielm},
  journal = {{Il Glogn. Calender dil pievel.}},
  publisher = {{Moritz Maggi, artavels}},
  address = {Glion},
  volume = {9},
  pages = {84-92}
}


@article{Widmer1962,
  year = {1962},
  title = {{Beiträge zur Mundart von Medels}},
  author = {Widmer, Ambros},
  journal = {{Vox Romanica}},
  publisher = {{Francke}},
  address = {Bern},
  volume = {21},
  pages = {83-107}
}

@BOOK{Liver2010,
  author = {Liver, Ricarda},
  year = {2010},
  title = {{Rätoromanisch. Eine Einführung in das Bündnerromanische. Second edition}},
  address = {Tübingen},
  publisher = {{Narr}} 
}

@BOOK{Berther2007,
  author = {Berther, Baseli},
  year = {2007},
  title = {{Ovras da Pader Baseli Berther, 1858-1931. Tom I: Tujetsch.}},
  address = {Sedrun},
  publisher = {{Forum cultural Tujetsch}} 
}

